<?xml version="1.0" encoding="UTF-8"?><collection xmlns="http://www.loc.gov/MARC21/slim"><record><leader>00397nam--2200133-i-4500</leader><controlfield tag="001">000011884</controlfield><controlfield tag="002">20161230</controlfield><controlfield tag="005">20161230201029</controlfield><controlfield tag="008">060222s1000------------r-----000-0-eng-d</controlfield><datafield ind1=" " ind2=" " tag="080"><subfield code="a">621.9.52:681.323</subfield></datafield><datafield ind1=" " ind2=" " tag="100"><subfield code="a">Gheorghe Bastiurea, Eugen Dodon, Vasile Vencu, Tiberiu Vasilescu /S.A.</subfield></datafield><datafield ind1=" " ind2=" " tag="245"><subfield code="a">Comanda numerica a masinilor-unelte</subfield></datafield><datafield ind1=" " ind2=" " tag="260"><subfield code="a">Bucuresti, Editura Tehnica 1976 429 P</subfield></datafield><datafield ind1=" " ind2=" " tag="852"><subfield code="a">43781</subfield></datafield></record></collection>